3180 5048
328 1177 476 1288 Pinctor
500 1220 626 1284 Aetnae
656 1218 808 1284 carminis
840 1219 881 1284 ad
905 1237 1018 1283 versus
1042 1219 1209 1300 fingendos
1233 1219 1357 1282 duabus
1382 1216 1512 1298 potissi-

128 1340 130 1342 ’
233 1339 316 1384 nrum
340 1317 521 1384 hexametri
536 1316 647 1382 formis
664 1336 741 1383 usus
757 1322 818 1382 est.
866 1317 955 1398 Quas
977 1317 1097 1381 formas
1115 1316 1263 1381 vocitabo
1288 1316 1340 1380 Fi
1364 1323 1397 1379 et
1414 1315 1512 1397 Flll,

116 1440 120 1445 ·
233 1425 370 1489 sequens
406 1407 606 1472 'lheodornm
642 1406 796 1488 Birtium‚
840 1405 895 1486 qui
935 1406 968 1470 in
1011 1425 1070 1470 sua
1112 1407 1150 1470 de
1186 1405 1374 1470 hexametro
1409 1404 1512 1476 latino

233 1496 501 1563 commentatione
532 1493 676 1577 singulos
712 1495 910 1560 diversorum
947 1504 1112 1576 poetarum
1148 1495 1355 1558 hexametros
1390 1493 1421 1556 in
1454 1511 1512 1557 sex

233 1585 354 1652 formas
370 1585 492 1652 divisit.
528 1583 568 1649 ci.
594 1585 644 1649 Ad
667 1584 836 1649 historiam
853 1583 1033 1648 hexametri
1052 1583 1161 1647 Latini
1180 1583 1342 1664 Symbola.
1380 1583 1513 1646 Bonnae

237 1680 331 1740 1876.
371 1695 400 1757 p.
421 1681 438 1739 7
457 1693 524 1754 sqq.
564 1672 686 1737 Harum
703 1671 876 1736 formarum
894 1672 981 1752 prior
997 1691 1036 1736 ea
1061 1679 1120 1755 est,
1145 1672 1178 1736 in
1203 1691 1265 1751 qua
1283 1671 1513 1751 semiquinaria

234 1763 370 1845 primum
394 1763 496 1828 locum
520 1765 621 1843 tenet,
646 1762 687 1826 ad
711 1780 804 1841 quarn
821 1760 1072 1825 trithemimeres
1098 1768 1132 1826 ot
1147 1761 1439 1840 hephthemimeres
1457 1767 1514 1823 aut

234 1853 393 1919 accedunt
421 1858 479 1918 aut
507 1869 570 1915 non
603 1851 768 1915 accedunt.
816 1849 966 1914 Formam
993 1849 1122 1916 tertiam
1148 1857 1349 1914 autemeam
1375 1849 1512 1929 dicuin

157 1959 159 1963 ⁴
235 1960 297 2022 qua
327 1941 417 2006 inter
452 1937 708 2005 trithemimeren
743 1938 1105 2019 ethephthemimeren
1141 1939 1239 2003 etiam
1275 1945 1349 2019 post
1381 1937 1513 2002 tertium

235 2029 423 2095 trochaeum
446 2027 661 2094 interciditur.
710 2027 852 2092 Etiamsi
876 2027 1019 2109 plerique
1044 2027 1183 2094 Aetnaei
1214 2027 1368 2093 carminis
1399 2046 1513 2092 versus

236 2119 271 2184 in
294 2118 416 2185 formas
439 2118 456 2183 Ι
477 2121 515 2182 et
536 2117 589 2180 III
612 2116 738 2181 redacti
763 2121 846 2199 sunt,
878 2123 986 2182 tamen
1011 2123 1107 2197 poeta
1132 2118 1171 2181 ad
1196 2117 1375 2196 complures
1399 2134 1513 2181 versus

235 2207 468 2272 construendos
500 2204 582 2277 adias
613 2204 733 2270 formas
765 2209 945 2286 usurpavit.
993 2206 1066 2270 Hae
1098 2212 1173 2271 sunt
1197 2205 1281 2282 Fll,
1307 2205 1339 2269 in
1364 2224 1427 2286 qua
1450 2224 1534 2269 non.

235 2295 300 2361 nisi
338 2294 589 2362 trithemimeres
629 2298 663 2358 et
700 2294 993 2375 hephthemimeres
1032 2294 1209 2374 reperitur,
1249 2294 1350 2370 FIV,
1382 2295 1413 2358 in
1451 2312 1514 2373 qua

235 2383 404 2450 intercisio
427 2386 503 2464 post
525 2383 657 2448 tertium
681 2383 867 2450 trochaeum
892 2389 926 2447 et
941 2383 1233 2465 hephthemimeres
1250 2385 1353 2448 adest.
1402 2383 1514 2447 Etiam

114 2525 116 2528 ,
235 2470 302 2538 FV
325 2471 499 2556 invenitur,
522 2471 556 2536 in
580 2491 643 2552 qua
665 2471 743 2537 item
776 2477 849 2552 post
871 2471 1002 2536 tertium
1033 2473 1218 2537 trochaeum
1250 2472 1438 2538 intercisum
1462 2477 1514 2537 est

236 2563 451 2628 antecedente
474 2558 717 2627 trithemimere.
765 2560 855 2626 FVI
878 2560 1002 2625 Birtius
1027 2580 1097 2625 eam
1122 2561 1211 2643 dicit,
1236 2562 1268 2625 in
1293 2581 1355 2642 qua
1373 2565 1513 2626 tantum-

234 2651 326 2716 modo
351 2656 425 2732 post
448 2650 581 2716 tertium
604 2651 788 2715 trochaeum
814 2649 1001 2715 intercisum
1025 2655 1086 2713 est.
1134 2650 1226 2715 Haec
1258 2670 1380 2731 quoque
1410 2651 1513 2714 torma

235 2738 268 2804 in
292 2741 419 2805 hetnae
454 2739 595 2805 carmine
630 2744 794 2818 exstaret,
825 2737 853 2803 si
877 2757 907 2803 v.
933 2743 974 2802 53
1006 2737 1102 2803 lectio
1139 2740 1390 2821 ‚,admotisque“,
1419 2757 1513 2818 quani

237 2827 438 2894 Sudhausius
454 2827 487 2893 in
504 2832 689 2892 contextum
707 2829 833 2892 Aetnae
849 2827 982 2906 recepit,
1000 2827 1171 2892 retinenda
1194 2836 1291 2893 esset.
1331 2831 1376 2892 At
1392 2826 1513 2890 rectius

236 2916 366 2983 videtur
389 2916 552 2998 Hauptius
583 2916 759 2981 coniecisse
786 2915 944 2995 „admotis
969 2917 1008 2981 ad
1034 2916 1170 2982 territa“
1206 2937 1262 2997 pro
1294 2914 1513 2998 „admotisque

236 3005 366 3072 tertia.“
416 3005 498 3070 Vide
528 3005 623 3069 infra.
672 3005 742 3087 Qua
773 3023 808 3069 re
832 3005 929 3070 etiarn
955 3006 1098 3070 Kaihelii
1122 3006 1307 3071 coniectura
1334 3005 1510 3086 „rhyacas“

236 3094 401 3161 reicienda
422 3100 483 3177 est,
514 3112 606 3174 quam
631 3093 780 3174 proponit
809 3095 849 3159 ad
880 3113 909 3158 v.
943 3100 1022 3176 5333
1055 3114 1146 3175 quem
1175 3094 1222 3159 sic
1252 3094 1318 3176 legi
1341 3095 1427 3161 uult:
1452 3093 1514 3157 lm-

235 3201 371 3264 posuere
394 3183 535 3265 rhyacas
559 3188 594 3247 et
615 3182 685 3263 ipso
710 3183 837 3248 nomine
862 3183 1003 3266 signant.
1052 3185 1119 3248 lam
1144 3189 1277 3249 transeo
1303 3184 1344 3248 ad
1368 3183 1538 3265 singulas>

237 3271 358 3338 formas
382 3271 622 3352 disceptandas

840 3450 911 3515 ΕΙ.

344 3554 449 3621 Huius
472 3554 595 3621 formae
618 3574 732 3621 versus
756 3555 909 3637 leguntur
925 3562 986 3620 531
1013 3556 1045 3620 111
1070 3558 1196 3621 Aetnae
1213 3557 1363 3621 carmine.
1405 3557 1513 3637 Neque

136 3711 139 3713 ,
238 3649 347 3711 tamen
378 3644 411 3708 lu'
442 3663 551 3709 omnes
583 3662 676 3709 unum
710 3643 742 3708 iu
774 3647 898 3710 modum
929 3644 1076 3718 intercisi
1107 3651 1190 3709 sunt.
1238 3645 1412 3710 Dividendi
1441 3651 1516 3711 sunt

238 3734 271 3798 in
302 3738 454 3814 quattuor
481 3751 612 3816 genera.
663 3734 695 3818 1)
723 3737 785 3798 168
816 3753 929 3800 versus
955 3740 1085 3814 praeter
1115 3733 1389 3814 penthemimeren
1416 3735 1514 3798 etiam

238 3822 494 3888 trithemimeren
525 3827 560 3887 et
589 3823 886 3904 hephthemimeren
917 3822 1080 3888 exhibent.
1136 3822 1170 3907 3)
1203 3828 1263 3886 167
1293 3841 1407 3888 7515115
1443 3828 1513 3886 tan·

235 3914 398 3984 tummodo
428 3911 701 3992 penthemimeren
734 3920 767 3977 et
796 3911 1092 3991 hephthemimeren
1124 3912 1290 3992 praebent.
1344 3910 1377 3994 3)
1410 3911 1448 3974 ln
1472 3916 1514 3974 88

238 4019 290 4066 vv.
315 3999 567 4066 trithemimeres
584 4006 617 4066 et
634 4000 902 4083 penthemimeres
926 4018 1081 4064 caesurae
1102 4006 1185 4065 sunt.
1233 3999 1268 4084 4)
1294 4000 1331 4062 ln
1358 4005 1419 4064 108
1443 4019 1514 4066 ver-

239 4089 329 4154 sibus
354 4089 425 4155 sola
447 4090 717 4170 penthemimeres
741 4090 843 4153 adest.

345 4196 405 4261 Ad.
426 4201 453 4260 l.
479 4195 583 4262 Huuius
600 4195 684 4261 modi
699 4213 813 4260 versus
828 4200 903 4258 sunt
919 4193 969 4258 hi:
993 4213 1022 4258 n.
1039 4194 1514 4277 2(etquaetamliorteslvol-

200 4356 203 4363 ¹
240 4284 512 4358 vantlincendia
535 4283 678 4368 causae),
707 4288 737 4358 4,
773 4287 821 4363 10,
848 4284 899 4365 13,
927 4288 976 4363 15,
1005 4289 1053 4365 16,
1081 4289 1130 4366 17,
1156 4290 1207 4366 25,
1233 4290 1284 4367 27,
1310 4290 1360 4360 19,
1388 4289 1438 4362 31,
1464 4290 1516 4367 36,

241 4375 292 4455 aa,
316 4376 368 4458 45,
394 4379 446 4458 55,
472 4376 523 4458 55,
549 4379 601 4456 55,
626 4378 677 4456 57,
703 4377 753 4454 55,
779 4376 831 4455 55,
857 4376 908 4453 75,
934 4376 985 4448 75,
1012 4378 1062 4456 75,
1087 4378 1139 4457 55,
1164 4379 1215 4450 55,
1243 4379 1315 4458 roo,
1344 4379 1414 4458 155,
1442 4379 1515 4458 117,
