3180 5048
593 101 918 212 ¹-aa-'

169 357 327 416 trauseat.
374 356 409 416 lu
434 354 552 434 Georg.
577 355 596 418 l.
625 353 638 414 l
663 355 780 418 ibidem
809 355 977 436 quinquies
1010 393 1051 400 -
1083 378 1116 416 44»
1139 354 1287 418 eliditur:
1320 375 1349 437 u
1379 355 1452 432 1444,

169 441 244 523 282
269 442 343 524 part,
368 442 442 523 441,
467 444 543 506 loa

276 530 320 593 lu
363 494 495 596 Aetna
540 532 621 633 igit
630 552 673 596 ur
719 532 898 596 carmine
943 533 1065 596 semel
1111 531 1294 595 eliditur
1338 533 1453 596 iuter

169 637 303 683 moras
337 621 429 683 1444
439 623 530 684 4244
565 622 603 684 444
637 640 695 686 vv
738 620 839 697 1244445
882 621 970 705 (444
979 621 1110 703 44.;4)44
1100 622 1260 701 444444.
1313 622 1449 701 Folog.

170 707 339 772 semel
330 727 368 771 444
405 728 462 773 vv.
503 709 605 786 1144347
644 709 677 793 (4
714 709 796 793 ex.,)
829 709 869 772 444
899 710 1041 790 Georg.
1067 709 1133 772 l.l
1160 710 1288 772 semel
1324 710 1449 775 invv.

171 796 276 873 144244,
303 797 338 880 (ἵ)
363 797 445 880 444.)

278 887 394 949 444444·
425 890 696 951 444444414444
735 889 791 950 ,4,14
831 888 946 951 elisum
978 887 1077 951 semel
1111 887 1249 950 qul:
1288 887 1451 968 collesque

169 978 306 1039 urebant
342 993 371 1039 v
410 976 473 1036 4412
506 975 554 1058 (444
586 978 653 1040 eod
687 976 760 1039 Η(
752 978 877 1055 (44444444
866 976 1050 1050 t,raditm
1055 975 1232 1051 ,··‘uirebaut
1264 977 1346 1041 idem
1378 996 1451 1041 esse

169 1071 266 1144 atque
304 1065 644 1145 „probandorum
685 1067 793 1141 444444,
833 1065 1034 1129 Sudlrausius
1073 1085 1103 1146 ,4
1093 1066 1251 1128 444444444444
1288 1065 1450 1149 scripsit),

169 1153 266 1216 semel
291 1153 407 1216 inFl
414 1152 508 1217 lzlu
489 1160 586 1232 utque
607 1153 818 1219 animantiv.
843 1154 958 1236 4444(,,4
957 1155 1066 1233 44444444
1091 1160 1143 1217 est
1167 1154 1302 1234 vulgate
1327 1154 1449 1237 lectio).

276 1242 390 1304 Item
382 1261 414 1304 m
439 1242 535 1322 Verg
562 1243 674 1323 Folog.
701 1242 825 1306 bist
776 1248 862 1306 mter
886 1261 992 1306 moras
1026 1243 1190 1306 14444144
1222 1243 1331 1307 brevis
1356 1268 1370 1304 r.
1394 1245 1450 1306 ab·

170 1331 333 1394 sorbetur:
366 1330 485 1393 Vll?
471 1350 501 1410 4,
532 1331 584 1392 lX
619 1332 671 1394 51.
720 1331 758 1394 In
784 1332 902 1412 Georg.
928 1331 947 1394 l.
974 1332 990 1394 I
1020 1331 1136 1395 ibidem
1170 1332 1269 1395 semel
1301 1332 1448 1396 eliditur:

170 1438 199 1484 v.
225 1421 266 1480 4434
291 1438 368 1500 ergo
392 1438 463 1499 age.

277 1509 319 1571 ln
344 1509 476 1573 Aetna
500 1507 633 1590 igitur
656 1508 838 1574 carmine
863 1508 989 1574 semel
1012 1509 1051 1572 id
1076 1508 1235 1573 accidit
1258 1509 1331 1573 hoo
1366 1528 1450 1573 ver-

171 1596 1452 1680 44444444444444.3423(2444.);44444444.4441444444444441444444

169 1705 228 1751 vv
253 1685 362 1762 41444,
387 1685 422 1769 (2
447 1685 536 1770 ex.‚)
562 1687 601 1750 iu
627 1687 771 1768 Georg.
797 1688 816 1750 l.
844 1686 1010 1751 lsemel
1035 1686 1076 1750 444
1100 1706 1158 1751 vv.
1184 1686 1258 1750 4414.

202 1778 205 1784 ’
276 1775 344 1838 1444
330 1781 394 1839 444
417 1789 594 1840 moras.
576 1777 682 1840 4444
669 1776 763 1840 421;
793 1775 932 1875 Semper
950 1794 1007 1856 per
1032 1775 1261 1856 spnaloeplram
1292 1799 1348 1860 pao
1380 1796 1449 1841 oum

170 1865 317 2012 syllabrlt
320 1871 476 2012 sequente
507 1871 698 1945 coagmenta
701 1871 761 1928 tnr.
811 1864 932 1928 Vide
923 1883 955 1927 444
982 1864 1101 1928 Flv.
1133 1863 1192 1924 1444,
1224 1864 1450 1945 cessantiaque

169 1952 342 2033 urgetlb'
344 1952 660 2034 -ldiscordiaque'
651 1954 812 2034 urgens]
801 1954 862 2013 1444
853 1955 949 2016 loos
952 1913 1103 2033 todiaque
1139 1953 1224 2034 ignis
1256 1953 1320 2015 424444
1352 1955 1448 2017 44444444-

169 2059 254 2122 aqoe
279 2047 336 2105 ext
337 2061 384 2104 ra.

280 2130 315 2194 ln
342 2130 459 2211 Georg.
485 2130 505 2194 l.
524 2132 539 2195 Ι
556 2130 642 2195 inter
658 2151 764 2196 moras
789 2132 833 2191 244
849 2136 882 2195 44
899 2131 939 2191 21
962 2131 1013 2194 bis
1030 2153 1121 2215 napa
1138 2130 1250 2194 elisum
1268 2130 1449 2196 invenitur:

168 2239 198 2284 v.
224 2219 275 2300 444),
300 2218 373 2282 344.

276 2308 424 2388 Itaque
448 2307 708 2372 intermoras
733 2310 776 2372 244
800 2316 839 2373 44
857 2314 896 2372 21
915 2308 1306 2373 inAetnaoarmine
1325 2310 1449 2373 semel

168 2397 210 2462 in
234 2416 292 2463 vv.
322 2396 426 2472 roim
451 2397 632 2462 eliditur
656 2396 691 2480 (4
715 2398 797 2482 ex),
826 2416 907 2461 cum
940 2397 978 2461 iu
1003 2398 1119 2477 Verg.
1146 2397 1318 2478 Eclogis
1344 2398 1450 2481 (vide

168 2486 280 2550 iufra
309 2486 339 2549 h.
372 2486 417 2568 p.)
454 2505 565 2550 unum
597 2487 820 2566 exemplum
851 2486 871 2548 i.
904 2506 929 2550 e.
963 2486 1002 2549 iu
1032 2505 1089 2550 vv.
1124 2491 1187 2549 829
1219 2493 1376 2569 exstet,
1412 2487 1449 2550 iu

170 2575 309 2655 Georg.
334 2575 354 2639 4.
380 2575 396 2638 Ι
421 2577 545 2639 semel
569 2575 610 2638 in
635 2595 692 2640 vv.
720 2581 781 2638 254
808 2575 842 2658 (2
867 2573 949 2657 ex).

275 2664 328 2726 Ex
358 2682 397 2727 ea
426 2682 470 2747 re,
502 2665 585 2744 quod
608 2663 753 2727 omuibus
783 2665 834 2728 his
869 2664 947 2728 locis
972 2686 1029 2744 pue
1052 2662 1171 2744 legitur
1196 2669 1273 2727 ante
1297 2665 1450 2746 vocalem,

169 2770 326 2834 apparere
350 2752 479 2817 videtur
509 2753 640 2818 voculae
665 2776 722 2832 qao
752 2752 917 2816 elisionem
949 2753 1067 2815 unllam
1093 2753 1268 2832 putandam
1286 2771 1368 2834 esse,
1394 2755 1450 2818 sed

169 2841 244 2905 item
276 2841 517 2922 pronuntiatam
552 2861 623 2905 esse
654 2847 751 2920 atque
779 2840 924 2905 litteram
948 2866 971 2905 c.
1019 2840 1057 2904 ld
1084 2840 1222 2904 maxime
1250 2844 1451 2906 commendat

169 2930 248 2995 illud
273 2949 394 3012 „neque
415 2929 529 3012 euim“,
554 2930 636 3009 quod
653 2930 736 2993 idem
753 2935 852 3010 atque
878 2948 956 3011 „nee
980 2929 1083 2994 enirn“
1106 2929 1249 2993 valuisse
1263 2929 1316 2994 vix
1330 2931 1451 3011 poterit

169 3020 291 3099 negari.
340 3018 533 3083 Conferatur
566 3018 689 3081 Birtius
721 3018 752 3081 in
784 3018 948 3082 Martialis
972 3018 1085 3099 Epigr.
1122 3019 1169 3082 ed.
1203 3017 1449 3083 Friedlaeuderi

169 3127 198 3188 p.
231 3114 271 3171 35
303 3115 337 3172 et
360 3106 531 3172 Claudiani
555 3105 654 3188 prael.
681 3125 710 3188 p.
736 3107 884 3185 OOXVI3
909 3107 985 3171 item
1011 3107 1135 3170 Buente
1158 3106 1294 3170 Patricii
1311 3108 1449 3188 Epitha-

168 3197 298 3277 lamium
321 3196 490 3278 Marpurgi
518 3201 598 3259 1891
625 3214 653 3276 p.
681 3202 731 3259 50.
763 3196 855 3260 Inter
885 3215 990 3260 moras
1024 3201 1063 3258 20
1093 3202 1127 3259 44
1152 3201 1188 3257 21
1217 3196 1315 3259 etiam
1340 3197 1450 3261 brevis

168 3309 188 3347 o
212 3286 292 3349 elisa
316 3292 414 3365 esset,
446 3285 474 3348 si
497 3304 526 3348 u.
557 3289 621 3349 4oo
650 3285 745 3350 lectio
770 3286 836 3348 cod.
863 3285 1013 3367 O‚‚mola
1033 3283 1140 3348 aoris“
1167 3290 1255 3347 esset
1271 3287 1447 3364 probanda.

168 3378 213 3439 At
236 3375 316 3438 liaeo
340 3375 409 3438 sine
441 3374 535 3438 dubio
560 3379 711 3454 corrupta
676 3377 785 3437 test
817 3392 914 3454 pro,
919 3372 1088 3455 ,mo,laris“
1126 3373 1208 3452 quod
1232 3374 1332 3436 ceteri
1358 3375 1447 3438 codd.

168 3465 333 3545 prtaeben
385 3463 456 3527 Hoc
497 3465 598 3527 vocab
601 3463 722 3539 4144444
728 3462 888 3544 ,molaris“
919 3463 1172 3542 contingendum
1201 3467 1253 3525 est
1276 3481 1345 3526 cum
1370 3482 1448 3528 voce

169 3552 295 3633 ,1444444
325 3572 354 3616 u.
381 3557 456 3616 401
488 3550 527 3615 ot
554 3550 692 3632 lapidem
716 3514 930 3615 4444444444.
956 3556 1029 3615 454.

276 3640 473 3722 Vergilius
464 3659 497 3703 m
501 3645 551 3704 ter
575 3658 680 3703 moras
708 3647 788 3703 2444
791 3644 868 3703 421
895 3639 928 3702 444
952 3639 1064 3720 Eclog.
1098 3639 1196 3703 semel
1221 3640 1365 3704 vocalem
1391 3641 1444 3704 ab·

170 3731 361 3795 sorbendam
386 3729 502 3810 posuit.
529 3729 568 3793 cf.
597 3728 624 3791 V
651 3734 691 3791 25
718 3746 821 3808 neque
846 3747 981 3792 amnem.

280 3819 329 3882 De
354 3818 472 3882 ceteris
497 3819 576 3882 locis
601 3817 698 3881 haee:

279 3907 397 3970 Inter
421 3926 555 3970 moras
585 3912 603 3968 3
632 3912 672 3971 44
703 3911 738 3969 4:
770 3906 840 3970 Hoc
870 3906 1051 3971 hexametri
1085 3907 1153 3970 loco
1185 3913 1296 3970 auctor
1321 3907 1447 3970 Aetnae

168 3994 251 4060 baud
280 3995 467 4077 frequenter
497 3995 625 4060 vocales
656 3995 828 4059 contraxit.
877 3995 941 4059 Sex
972 4001 1105 4059 exstant
1138 3995 1285 4076 exempla
1315 3995 1347 4058 in
1373 3995 1447 4059 Fl:

173 4082 203 4165 4)
229 4084 404 4148 eliditur
429 4084 573 4149 brevis
597 4105 632 4147 a:
657 4086 719 4147 241
746 4085 861 4147 horrea
885 4084 933 4147 uti
957 4083 1020 4166 (sio
1043 4084 1177 4148 tradunt
1201 4085 1289 4148 codd.
1316 4088 1447 4166 praeter

170 4171 395 4255 Gyraldinum)
420 4175 484 4238 454
508 4172 627 4254 pabula
651 4179 697 4252 44,
722 4172 755 4256 2)
780 4173 923 4238 brevis
949 4195 977 4235 a:
1001 4191 1030 4237 u.
1061 4178 1120 4235 157
1146 4171 1302 4252 pigraque
1326 4177 1360 4236 44
1383 4177 1447 4236 493

167 4265 279 4340 utpote
304 4261 336 4324 in
361 4261 506 4343 aequalis
533 4265 595 4324 teo
620 4279 744 4341 quoque
768 4261 967 4325 Athenarum
993 4266 1056 4324 44344
1081 4260 1214 4342 parcite,
1247 4279 1357 4325 avara.

280 4350 334 4413 Sic
369 4351 468 4414 etiam
508 4351 592 4432 apud
620 4349 799 4430 Vergilium
836 4348 998 4430 plerisque
1030 4351 1109 4413 locis
1140 4351 1269 4415 breuem
1300 4371 1320 4411 o
1352 4354 1449 4413 aute

164 4432 254 4500 iuter
277 4456 383 4503 moras
409 4446 427 4502 3
452 4445 486 4503 44
508 4443 530 4502 4
554 4440 740 4520 absorptam
765 4437 954 4503 invenimus,
1003 4437 1085 4502 Vide
1109 4446 1144 4501 ct:
1180 4438 1292 4519 Folog.
1328 4438 1381 4502 III
1407 4444 1446 4501 78
