3180 5048
659 171 875 229 „15-

125 358 159 427 ΙΙ
183 370 216 428 66
244 363 296 427 HI
326 373 428 442 neque
459 362 592 426 admisit
616 362 694 426 PPS
727 359 876 445 (primum
909 363 1023 442 pedem
1053 363 1276 447 spondiacum)
1309 384 1412 446 neque

127 453 212 516 PPD
236 451 269 515 in
293 451 387 516 libris
412 450 689 536 (Astronomicon)
717 451 746 515 V
778 456 812 515 et
842 451 897 529 VI,
932 471 994 516 non
1025 451 1088 516 nisi
1119 454 1204 517 PPD
1236 454 1413 520 admissum

126 542 215 622 leges
239 540 272 605 in
296 541 378 606 libro
402 541 454 604 Hl
479 538 520 625 (v.
548 538 634 623 666).
728 593 732 597 ,
1492 541 1494 545 ’

233 647 378 728 Denique
402 649 566 728 admoneo,
591 646 727 727 primum
744 651 778 712 et
794 647 941 712 ultimum
961 666 1089 712 versum
1106 648 1232 712 Aetnae
1257 649 1411 716 carminis

127 737 260 801 eandem
284 736 419 801 formam
444 736 485 821 (ll
502 735 566 821 lll)
590 737 727 817 habere3
751 737 866 800 deinde
890 736 923 800 in
947 756 998 802 vv.
1026 742 1133 801 2-43
1158 737 1274 817 ubique
1293 747 1412 820 regnat

127 826 405 906 penthemimeres,
430 825 506 890 item
531 826 563 889 in
580 845 632 891 vv.
652 828 826 889 629-645
844 832 963 903 regnat
979 827 1257 906 penthemimeres.
1295 828 1410 907 ltaque

128 915 289 979 conscium
313 916 374 979 hac
390 914 493 979 forma
509 933 600 979 usum
617 933 689 979 esse
713 921 841 996 poetam
858 920 966 996 patet.;
992 935 1054 995 qua
1071 916 1195 979 scilicet
1218 916 1408 981 volubiliore

128 1010 161 1067 66
183 1002 310 1068 initium
334 1009 368 1069 et
391 1004 625 1069 conclusionem
645 1004 797 1068 carminis
822 1006 1040 1069 exornandam
1064 1005 1201 1085 putavit.
1242 1005 1280 1068 Id
1304 1005 1408 1085 ipsum

128 1093 299 1159 adnotavit
322 1093 396 1158 Birt
419 1095 458 1159 de
482 1094 677 1158 Halieuticis
702 1115 730 1174 p.
760 1099 831 1158 193.

712 1292 741 1355 F
754 1292 810 1355 IV.

233 1398 278 1462 At
301 1417 380 1464 vero
412 1399 537 1463 auctori
560 1399 687 1462 Aetnae
718 1418 779 1462 non
812 1399 895 1463 satis
920 1406 992 1463 erat
1015 1399 1119 1463 tribus
1144 1399 1255 1463 formis
1279 1418 1406 1464 carmen

127 1506 215 1551 suum
228 1507 426 1570 componere,
440 1489 495 1552 sed
522 1487 685 1551 nonnullis
702 1488 850 1552 versibus
867 1487 963 1551 aliter
976 1488 1199 1552 construendis
1212 1488 1406 1554 varietatem

126 1595 247 1657 augere
271 1577 404 1641 studuit.
451 1577 587 1641 Accedit
603 1577 705 1658 igitur
720 1577 749 1640 F
763 1577 818 1640 lV.
866 1577 971 1641 Huius
988 1577 1071 1641 modi
1088 1596 1202 1641 versus
1220 1582 1295 1641 sunt
1318 1577 1351 1641 hi
1373 1583 1407 1640 9:

128 1686 157 1731 v.
172 1671 215 1729 44
240 1665 348 1730 sidera
373 1665 1072 1746 6666161666616616666666166661666666
1095 1671 1135 1730 93
1155 1672 1284 1730 aestuet
1300 1667 1408 1730 Aetna

125 1773 288 1834 novosque
303 1763 315 1826 6
330 1775 434 1836 rapax
449 1762 462 1830 6
479 1755 541 1819 6161
565 1762 721 1836 congerat
744 1755 847 1836 ignes.
897 1761 959 1818 325
986 1755 1119 1835 spiritus
1154 1755 1383 1834 involvensque
1394 1762 1407 1830 6

128 1851 213 1918 6666
229 1843 293 1907 6161
319 1847 457 1924 pondere
481 1844 584 1923 vires;
617 1850 680 1908 386
706 1850 788 1926 post,
813 1844 867 1909 ubi
891 1843 1085 1919 conticuere,
1102 1853 1114 1917 6
1133 1864 1222 1908 mora
1242 1851 1251 1898 6
1265 1844 1406 1908 velocius

126 1938 253 2015 urgent,
278 1938 341 1997 463
367 1933 495 2012 diffugit
519 1934 726 2013 exemploque
743 1942 755 2005 6
772 1934 873 1997 66166
891 1937 904 2009 6
920 1933 1024 1997 trahit
1054 1933 1183 2013 ictaque
1207 1933 1316 2013 66616,
1343 1939 1406 1996 514

127 2021 260 2086 fiumina
272 2023 471 2102 proprietate
480 2023 597 2098 661661
604 2028 843 2103 [concrescere
857 2023 941 2101 sive3
959 2024 1213 2104 591Pergamon
1231 2021 1406 2086 extinctos·

126 2131 186 2191 que
201 2117 214 2186 6
228 2131 284 2175 666
299 2117 311 2184 6
324 2113 474 2192 Phrygas
498 2112 656 2190 Hectore3
682 2131 825 2190 parvum.
893 2133 895 2138 ·

233 2202 396 2265 Accedunt
429 2202 489 2264 dno
524 2220 585 2277 vv„
621 2201 654 2263 in
686 2201 799 2280 quibus
831 2201 1081 2288 trithemimeres
1111 2201 1245 2265 elisione
1275 2201 1407 2264 voculae

131 2294 227 2370 „que“
255 2292 429 2354 obscurata
452 2297 512 2354 est.
561 2290 644 2354 Sunt
668 2290 716 2353 hi:
741 2309 770 2353 v.
798 2295 858 2353 241
886 2297 1098 2369 autumnoque
1115 2290 1267 2370 obrepit!
1283 2289 1408 2358 616666

125 2384 160 2443 66
190 2379 223 2443 16
258 2382 335 2444 orbe
370 2379 517 2461 recurrit,
543 2385 606 2443 322
631 2386 742 2459 terque
767 2385 942 2459 quaterque
967 2379 1126 2443 exhausta
1146 2386 1159 2452 6
1178 2379 1290 2460 gravis
1316 2384 1329 2454 6
1353 2379 1407 2444 661

125 2468 268 2548 perbibit
291 2487 394 2533 euros.

233 2665 305 2730 Hac
329 2664 432 2729 forma
448 2683 512 2728 non
528 2663 621 2729 multi
638 2684 753 2730 versus
770 2664 863 2728 huius
880 2664 1033 2729 carminis
1050 2669 1192 2728 utuntur.
1241 2663 1407 2728 Afferendi

126 2759 269 2818 suatur.
288 2759 323 2818 4;
348 2774 377 2818 v.
398 2760 475 2818 266ε
500 2754 619 2818 fertilis
643 2755 744 2827 66666
753 2752 920 2834 segetique
929 2759 941 2827 6
950 2752 1098 2825 feracior,
1124 2753 1316 2835 alterandi,
1342 2759 1405 2816 338

126 2862 188 2906 non
219 2842 309 2907 illam
324 2848 337 2912 6
349 2843 437 2908 videt
461 2846 569 2908 Aetna
584 2848 597 2918 6
613 2863 672 2908 666
696 2845 760 2908 6116
791 2843 958 2923 intercipit
982 2849 1084 2925 aestu,
1110 2847 1171 2906 62‘2
1197 2843 1407 2917 66661666166

125 2936 221 2996 vorat
249 2931 412 3013 16616666
447 2932 584 3012 6611666
615 2938 719 2997 torret
749 2951 875 2998 avaros.
924 2933 1015 2997 Adde
1038 2951 1067 2997 v.
1095 2937 1157 2995 227
1198 2931 1406 3013 „ingeniuml

126 3039 257 3086 sacrare
273 3026 286 3095 6
301 3027 459 3102 caputque
485 3022 636 3086 attollere
664 3024 785 3104 caelo“,
816 3023 847 3086 in
874 3041 933 3101 quo
957 3021 1248 3102 hephthemimeres
1272 3019 1406 3086 voculae

129 3112 225 3189 „que“
253 3110 387 3174 elisione
411 3112 584 3175 obscurata
608 3116 667 3175 est.

232 3199 373 3264 Restant
396 3200 456 3263 duo
473 3219 535 3280 vu,
560 3200 592 3262 in
617 3199 732 3280 quibus
749 3200 968 3264 tantummodo
985 3199 1277 3280 hephthemimeres
1296 3201 1404 3264 adest:

125 3307 154 3352 v.
183 3293 244 3352 188
269 3308 352 3352 6666
376 3308 454 3367 opus
478 3289 633 3353 artificem
658 3289 1009 3368 incendilcausamque
1026 3289 1169 3369 reposcit
1192 3293 1270 3361 6479
1295 3306 1405 3352 verum

124 3375 180 3440 nbi
204 3377 360 3456 paulatim
396 3377 685 3449 exiluitlsnhlata
721 3379 859 3442 caducis.
908 3378 947 3441 cf.
981 3377 1077 3458 Verg.
1103 3378 1216 3458 Eulog.
1253 3377 1335 3441 Vlll
1364 3382 1406 3440 34

126 3464 346 3546 hirsutumque
386 3466 856 3547 superciliumspromissaque
894 3467 1014 3546 barba;
1063 3466 1180 3546 Georg.
1221 3465 1240 3528 l.
1282 3467 1298 3529 1
1342 3468 1405 3529 326

125 3554 290 3618 sublimem
317 3556 482 3635 expulsam
508 3565 667 3638 eruerent,
683 3556 757 3632 6166
781 3555 910 3620 turbine
934 3555 1035 3635 nigro.

232 3663 357 3726 Addam
387 3663 445 3726 hoc
475 3662 544 3726 loco
575 3681 614 3726 ea
645 3681 726 3742 quae
750 3661 874 3725 Birtius
906 3660 1003 3745 (61.1.
1029 3661 1048 3724 1.
1075 3680 1103 3740 p.
1132 3665 1168 3724 11
1197 3658 1278 3744 666.)
1311 3660 1404 3724 dicit:

127 3749 240 3831 „huius
253 3750 338 3814 modi
354 3751 542 3815 hexameter
562 3752 626 3830 „Et
642 3750 795 3832 graviora
810 3750 959 3830 rependit
968 3749 1105 3829 61616616
1122 3768 1222 3829 pensa
1235 3748 1400 3828 quasillis“

125 3836 199 3917 (Vll
239 3839 367 3904 odiosus
408 3840 572 3919 spernitur
610 3860 629 3904 a
664 3839 875 3904 nobilioribus
915 3839 977 3903 nisi
1017 3839 1181 3919 singulare
1217 3837 1290 3917 quid
1327 3857 1404 3902 6666

125 3927 332 4008 depicturis“.
381 3929 486 3993 Affert
510 3928 624 3992 deinde
660 3929 838 4009 complures
869 3934 992 4008 poetas,
1033 3927 1117 4006 apud
1156 3945 1233 4006 quos
1273 3933 1404 4006 praeter

124 4015 257 4081 formam
284 4017 312 4080 V
337 4017 437 4082 etiam
464 4017 649 4098 reperiatur
672 4017 775 4082 forma
799 4017 854 4080 Vl.
903 4015 1133 4095 Concluditque
1168 4034 1208 4079 ex
1238 4014 1405 4095 paucitate

124 4106 338 4186 exemplorum
352 4105 385 4170 in
403 4105 594 4188 graecanieo
609 4106 796 4171 hexametro
813 4112 886 4186 post
902 4103 1034 4170 tertium
1048 4104 1233 4169 trochaeum
1246 4103 1404 4184 dirempto

124 4193 286 4259 Romanos
310 4213 349 4258 ne
373 4195 597 4260 desiderarent
627 4194 750 4259 latinae
783 4194 899 4258 indolis
930 4212 1096 4259 caesuram
1128 4192 1220 4273 quasi
1250 4192 1403 4257 fulturam

124 4283 346 4348 substraxisse
360 4288 416 4347 aut
429 4282 688 4349 semiternariam
702 4287 760 4348 aut
773 4281 1082 4364 semiseptenariam.
1097 4283 1203 4362 Atque
1216 4280 1402 4345 Lucretium

124 4370 250 4450 quidem
281 4372 314 4436 in
349 4370 460 4452 quinto
494 4372 577 4438 libro
608 4378 723 4452 quater
753 4371 886 4436 formam
918 4372 965 4435 Vl
995 4370 1158 4447 exhibere,
1196 4369 1251 4435 ubi
1281 4369 1403 4435 viciens

123 4459 246 4526 octiens
260 4459 363 4526 forma
379 4461 408 4526 V
424 4460 528 4543 adsit;
552 4461 586 4526 in
603 4460 745 4526 eiusdem
761 4460 843 4526 libro
860 4460 907 4526 VI
923 4458 1060 4525 formam
1076 4464 1202 4525 sextam
1221 4458 1402 4537 undeciens,
