3180 5048
684 1492 743 1538 vv.
779 1473 818 1535 18
842 1492 896 1554 sq.

175 1599 272 1681 Quis
297 1618 369 1662 non
394 1598 580 1678 Argolico
605 1596 773 1662 deflevit
796 1600 1010 1679 Pergamon
1035 1598 1115 1679 igni
1141 1597 1406 1680 Inpositam..

259 1707 322 1769 Pro
346 1705 467 1769 tradito
492 1706 589 1769 verho
617 1704 826 1784 ,inpositam“
847 1704 1011 1786 Hauptius
1035 1705 1091 1777 (ci.
1117 1705 1232 1786 Opusc
1259 1704 1293 1765 ll
1318 1724 1347 1786 p.
1373 1706 1431 1778 3⁶2)

153 1793 355 1858 scribendum
379 1812 452 1858 esse
476 1795 633 1857 censebat
660 1794 889 1869 „aurbustam.“
940 1794 1053 1857 llunro
1078 1799 1154 1857 ante
1180 1813 1207 1857 v.
1240 1795 1276 1854 m
1301 1813 1429 1859 versum

152 1882 311 1963 excidisse
336 1888 439 1962 putat,
464 1901 533 1946 cum
566 1881 702 1946 lacobus
731 1881 940 1962 ‚,inpositam“
977 1901 1038 1945 non
1070 1901 1139 1946 cum
1168 1882 1276 1947 verbis
1308 1884 1430 1963 superi-

152 1971 261 2035 oribus
278 1971 543 2050 coniungendum,
560 1972 617 2034 sed
634 1973 674 2035 ad
691 1989 730 2034 ea
746 1989 828 2051 qliae
845 1977 1031 2052 sequantur,
1048 1971 1250 2035 referendum
1268 1980 1340 2035 esse
1357 1990 1430 2036 cen·

153 2067 234 2126 seat.
282 2060 499 2124 Baehrensius
523 2065 557 2123 et
581 2059 781 2123 Sudhausius
812 2059 965 2124 traditam
998 2060 1167 2124 lectionem
1198 2059 1229 2123 in
1261 2061 1431 2125 verborum

153 2154 338 2214 contextum
363 2154 561 2229 receperunt,
586 2147 742 2230 Alzinger
772 2149 791 2211 l.
818 2148 837 2211 l.
864 2167 893 2230 p.
919 2148 983 2209 42:13
1013 2149 1212 2227 ,incensam“
1241 2166 1297 2229 pro
1316 2148 1430 2231 ,inpo-

154 2238 268 2301 sitam“
297 2237 441 2301 coniecit.
490 2236 566 2300 Sine
591 2237 686 2301 dubio
715 2237 925 2318 „inpositam“
961 2239 1001 2302 ad
1029 2239 1246 2319 ,Pergamum
1274 2237 1361 2302 inv.
1390 2237 1432 2299 18

153 2326 354 2391 referendum
378 2331 439 2407 est,
463 2331 561 2405 atque
585 2332 681 2406 poeta
704 2327 855 2390 hocloco
884 2328 1125 2404 „Pergamon
1155 2324 1247 2406 igni
1270 2325 1430 2406 inposi-

153 2419 239 2479 tam“
267 2413 346 2478 dicit
370 2432 426 2495 pro
447 2415 663 2496 „Pergamo
687 2412 820 2495 ignem
844 2414 1110 2495 impositum.“
1160 2416 1209 2478 De
1226 2414 1285 2478 hoc
1301 2413 1432 2479 dicendi

154 2522 271 2583 genere
302 2502 486 2567 conferatur
514 2503 681 2567 Claudian.
713 2504 875 2584 Panegyr.
924 2503 1042 2568 Theod.
1078 2505 1119 2566 10
1149 2520 1217 2583 sqq.
1243 2539 1245 2545 ·
1270 2504 1334 2580 „lle
1370 2502 1421 2586 (sc

155 2590 367 2677 Theodorum)
392 2608 515 2672 quoque
546 2600 683 2656 naturae
714 2590 817 2656 sacris
849 2592 1020 2673 mundique
1051 2598 1231 2675 vacantem,
1264 2591 1432 2656 emeritum

86 2762 88 2765 v
154 2681 277 2762 pridem
300 2681 530 2761 desudatisque
555 2685 709 2744 remotum
735 2679 862 2744 iudiciis
892 2681 1004 2744 eadem
1035 2700 1162 2744 rursum
1187 2681 1353 2762 complexa
1377 2699 1431 2761 po·

155 2774 260 2835 testas
292 2769 401 2835 evehit
431 2775 463 2833 et
492 2771 679 2834 reducem
710 2769 823 2833 notis
853 2770 1024 2850 imponit
1052 2769 1262 2848 habenis“;
1299 2769 1331 2833 id
1363 2774 1431 2833 est:

154 2864 249 2923 notas
272 2859 417 2923 habenas
440 2857 548 2922 reduci
573 2857 716 2938 imponit.
764 2858 866 2921 Poeta
889 2857 990 2938 igitur
1011 2858 1124 2940 figura,
1150 2876 1231 2938 quae
1248 2856 1432 2922 nominatur

154 2947 339 3030 hypallage,
363 2947 423 3011 hoc
446 2946 514 3010 loco
531 2965 607 3010 usus
624 2952 684 3010 est.
733 2945 772 3010 cf.
797 2947 836 3010 de
859 2947 1035 3028 hypallage
1052 2947 1219 3010 Claudian.
1244 2965 1341 3010 earm.
1366 2965 1430 3010 rec.

155 3036 237 3119 Birt,
268 3036 374 3101 Berol.
409 3034 493 3097 18th
517 3053 546 3115 p.
579 3035 736 3099 dcxxv
762 3034 818 3118 (z
843 3036 927 3099 Mon.
954 3035 1061 3100 Germ.
1087 3034 1162 3099 hist.
1188 3036 1276 3099 'Pom
1290 3034 1352 3118 X),
1378 3035 1432 3099 ubi

154 3125 318 3206 complura
340 3124 487 3205 exempla
511 3123 697 3188 afferuntur.

491 3385 494 3390 ,
685 3338 736 3383 vv.
761 3319 804 3381 50
828 3337 897 3399 sqq.

261 3424 343 3489 Iam
380 3432 655 3489 coacervatas
694 3424 891 3489 nituntur
935 3427 1135 3490 scandere
1171 3424 1315 3507 moles,
1353 3423 1431 3488 lm-

155 3513 247 3594 pius
283 3520 324 3577 et
357 3512 476 3577 miles
513 3513 749 3578 metuentia
788 3513 1006 3578 comminus
1042 3519 1163 3580 astra
1194 3515 1431 3594 Provocat,

156 3602 341 3666 infestus
371 3610 542 3667 cunctos
578 3603 625 3666 ad
655 3602 823 3682 proelia
853 3602 971 3667 divos
995 3604 1204 3667 Provocat
1239 3602 1433 3666 admotis·

157 3710 229 3772 que
261 3690 394 3755 tertia
424 3690 565 3754 sidera
597 3690 734 3771 signis
766 3690 955 3772 luppiter
979 3711 996 3755 e
1019 3690 1176 3775 c(a)elo
1201 3690 1367 3773 („etelo“
1396 3691 1433 3770 S)

156 3779 301 3843 metuit
324 3780 594 3859 dextramque
619 3798 827 3844 coruscam
851 3782 1047 3845 Armatus
1070 3780 1228 3844 flamma
1252 3786 1434 3844 removet

155 3868 339 3949 caligine
362 3868 560 3932 mundum.

263 3973 302 4038 ln
326 3975 415 4038 codd.
433 3972 648 4039 deterioribus
664 3992 721 4055 pro
743 3994 778 4052 „e
802 3973 936 4058 c(a)elo“
965 3975 1102 4052 (,etelo“
1124 3975 1158 4051 Si
1183 3974 1216 4037 in
1240 3992 1270 4038 v.
1288 3972 1332 4034 54
1354 3974 1434 4054 legi-

157 4069 210 4127 tur
238 4063 411 4143 ,acaelo“,
436 4069 470 4127 et
493 4080 550 4143 pro
568 4064 796 4143 ,dextramque
821 4067 1003 4128 coruscam“
1021 4063 1052 4127 in
1078 4065 1144 4127 cod.
1170 4063 1202 4126 H
1227 4067 1260 4126 et
1284 4062 1434 4126 deterior.

157 4158 268 4216 exstat
296 4152 491 4231 ,dextraque
514 4155 710 4215 coruscam“.
759 4153 820 4215 Pro
849 4158 1012 4230 ,armatus
1027 4152 1174 4215 iiamma“
1195 4171 1225 4215 v.
1242 4151 1284 4211 55
1309 4152 1376 4216 cod.
1403 4151 1435 4214 H

157 4246 191 4303 et
215 4240 392 4305 deteriores
416 4241 550 4304 tradunt
587 4240 752 4317 ,admotus
774 4240 965 4304 flammam“.
1014 4239 1286 4321 Wassenbergius
1311 4242 1354 4318 (v.
1379 4238 1435 4317 54)

161 4329 212 4407 ,in
239 4329 361 4411 caelo“,
384 4328 593 4392 Bormansius
628 4335 680 4406 „et
709 4329 817 4393 caelo“
846 4329 992 4408 coniecit,
1024 4348 1094 4393 curn
1111 4329 1225 4393 Munro
1246 4346 1303 4406 ,en
1322 4329 1432 4393 caelo“

157 4417 324 4483 scriberet.
371 4419 420 4482 De
455 4417 647 4481 Baehrensii
681 4417 872 4483 lectionibus
908 4417 982 4483 vide
1018 4417 1186 4498 Alzingeri
1221 4434 1250 4498 p.
1286 4415 1351 4479 423
1383 4434 1433 4498 sq.
